@inproceedings{hoover2010bio,
  title={Circuitos integrados de pequeña, mediana y gran escala},
  author={Jose Francisco Martinez Lenddech},
  booktitle={Licenciatura en ingeniería en computación },
  pages={1--32},
  year={N/A},
  organization={Universidad Autónoma del Estado de México}
}

@article{park2014design,
  title={ CMOS FABRICATION TECHNOLOGY AND DESIGN RULES},
  author={S.M. Kang and Y. Leblebici},
  journal={Chapter 2 (Fabrication of MOSFETs) of the book CMOS Digital Integrated Circuit Design},
  page={https://web.archive.org/web/20031224164434/http://lsiwww.epfl.ch:80/LSI2001/teaching/webcourse/ch02/ch02.html},
  year={2003},
  publisher={Way Back Machine}
}

@article{DDH,
  title={LENGUAJES DE DESCRIPCIÓN DE HARDWARE},
  author={F.J. torres del Valle},
  journal={xdoc.mx},
  pages={1--8},
  year={https://xdoc.mx/preview/lenguajes-de-descripcion-de-hardware-5c2d1aa29da5a},
  publisher={Universidad autónoma de Guadalajara}
}
@article{verdi,
  title={Verdi},
  author={Synopsys},
  journal={https://www.synopsys.com/verification/debug/verdi.html},
  pages={N/A},
  year={2021},
  publisher={Synopsys}
}

@article{VCS,
  title={VCS},
  author={Synopsys},
  journal={https://www.synopsys.com/verification/simulation/vcs.html},
  pages={N/A},
  year={2021},
  publisher={Synopsys}
}
@article{StarRc,
  title={StarRC},
  author={Synopsys},
  journal={https://www.synopsys.com/implementation-and-signoff/signoff/starrc.html},
  pages={N/A},
  year={2021},
  publisher={Synopsys}
}
@article{park2014design,
  title={ CMOS FABRICATION TECHNOLOGY AND DESIGN RULES},
  author={S.M. Kang and Y. Leblebici},
  journal={Chapter 2 (Fabrication of MOSFETs) of the book CMOS Digital Integrated Circuit Design},
  page={https://web.archive.org/web/20031224164434/http://lsiwww.epfl.ch:80/LSI2001/teaching/webcourse/ch02/ch02.html},
  year={2003},
  publisher={Way Back Machine}
}
@article{charls,
  title={ Ejecución y utilización de un flujo de diseño para el desarrollo
de un chip con tecnología nanométrica: Extracción de
componentes parásitos y simulaciones en HSPICE},
  author={C.A. Cruz Girón},
  journal={Facultad de Ingeniería Electrónica},
  page={1--30},
  year={2020},
  publisher={Universidad Del Valle de Guatemala}
}
@article{Jeff,
  title={Definición del flujo en la herramienta VCS
para la simulación de HDLs en la Fabricación
de un Chip con Tecnología Nanométrica CMOS},
  author={J.N. Ruano Orellana},
  journal={Facultad de Ingeniería Electrónica},
  page={1--20},
  year={2020},
  publisher={Universidad Del Valle de Guatemala}
}
